@book{arm_2019, 
    place={Hoboken, NJ}, 
    title={Embedded Machine Learning Design for Dummies}, 
    publisher={John Wiley \& Sons, Inc.}, 
    author={Arm}, 
    year={2019}
}
@article{Low-Power,
    Author = {Kyong Ho Lee and Naveen Verma},
    Title = {A Low-Processor With Configurable Embedded Machine-Learning Accelerators for High-Order and Adaptive Analysis of Medical-Sensor Signals},
    Journal = {IEEE Journal of Solid-State Circuits},
    Volume = {48},
    Pages = {1625--1637},
    Year = {2013},
    Eprint = {ieee:13583283},
    Howpublished = {IEEE Journal of Solid-State Circuits, Vol. 48, 7 (July 2013), 1625-1637},
    Doi = {10.1109/JSSC.2013.2253226},
}